% @misc{test,
%     title={\LaTeX\;Vorlage},
%     author={Robin Prillwitz},
%     date={2022-12-05},
%     url={https://example.com},
%     urldate={2022-12-05}
% }

@book{Zhou.2012,
 abstract = {An up-to-date, self-contained introduction to a state-of-the-art machine learning approach, Ensemble Methods: Foundations and Algorithms shows how these},
 author = {Zhou, Zhi-Hua},
 year = {2012},
 title = {Ensemble Methods},
 url = {https://www.taylorfrancis.com/books/mono/10.1201/b12207/ensemble-methods-zhi-hua-zhou},
 publisher = {{Chapman and Hall/CRC}},
 isbn = {9780429151095},
 doi = {10.1201/b12207},
 file = {Ensemble Methods  Foundations and Algorithms:Attachments/Ensemble Methods  Foundations and Algorithms.pdf:application/pdf}
}


@book{Zhou.2021,
 author = {Zhou, Zhi-Hua},
 year = {2021},
 title = {Machine Learning},
 address = {Singapore},
 publisher = {{Springer Singapore}},
 isbn = {978-981-15-1966-6},
 doi = {10.1007/978-981-15-1967-3},
 file = {Machine Learning:Attachments/Machine Learning.pdf:application/pdf}
}


% The Presentation Journey Who? Why? Roadmap?
% Signposting
@book{williams2008presentations,
  title     = {Presentations in English: Find Your Voice as a Presenter},
  author    = {Williams, E.J.},
  isbn      = {9780230028784},
  series    = {Elt Business/Professional Eng Series},
  url       = {https://books.google.de/books?id=eCDpGAAACAAJ},
  year      = {2008},
  publisher = {Macmillan}
}


% Useful language for the opening logistics roadmap etc.
@book{emmerson2007business,
  title     = {Business English handbook : advanced ; the whole of business in one book ; [B2, C1 : for class and self study]},
  author    = {Emmerson, P.},
  isbn      = {9783190625765},
  series    = {The Macmillan business grammar and vocabulary series},
  url       = {https://books.google.de/books?id=Ui5kPgAACAAJ},
  year      = {2007},
  publisher = {Hueber}
}

@book{powell2011presenting,
  title     = {Presenting in English: How to Give Successful Presentations},
  author     = {Powell, M.},
  isbn      = {9781111832278},
  url       = {https://books.google.de/books?id=PrpKmgEACAAJ},
  year      = {2011},
  publisher = {Heinle Cengage Learning}
}

% Bomber B
@misc{bomberb,
  author       = {Rosy Singh Bansal},
  title        = {Name of the explosive: Bomber-B},
  year         = {2012},
  url          = {https://corporatelearn.blogspot.com/2012/03/name-of-explosive-bomber-b.html},
  urldate      = {2022-12-28},
}

% vakog representational system
@article{JumbuhPrabowo.2015,
 abstract = {OPTIMIZING VAKOG AS HUMAN SENSES IN TEACHING ENGLISH FOR YOUNG LEARNERS},
 author = {{Jumbuh Prabowo}},
 year = {2015},
 title = {OPTIMIZING VAKOG AS HUMAN SENSES IN TEACHING ENGLISH FOR YOUNG LEARNERS},
 url = {https://journal.unnes.ac.id/nju/index.php/lc/article/view/4157},
 volume = {10},
 number = {1},
 issn = {2460-853X},
 journal = {Language Circle: Journal of Language and Literature},
 doi = {10.15294/lc.v10i1.4157},
 file = {Jumbuh Prabowo 2015 - OPTIMIZING VAKOG AS HUMAN SENSES:Attachments/Jumbuh Prabowo 2015 - OPTIMIZING VAKOG AS HUMAN SENSES.pdf:application/pdf}
}